% This is created by Laven Liu
% Encoding: UTF8

@BOOK{baike,
  title = {百度百科},
  publisher = {百度出版社},
  year = {2014},
  author = {Someone}
}

@BOOK{Kline,
  title = {古今数学思想},
  publisher = {上海科学技术出版社},
  year = {2002},
  author = {克莱因}
}

@ARTICLE{quanjing,
  author = {曲安京},
  title = {商高、赵爽与刘徽关于勾股定理的证明},
  journal = {数学传播},
  year = {1998},
  volume = {20},
  number = {3}
}

@BOOK{latexrumen,
  title = {\LaTeX 入门},
  publisher = {电子工业出版社},
  year = {2014},
  author = {刘海洋}
}

@BOOK{computersystem,
  title = {深入理解计算机系统},
  publisher = {机械工业出版社},
  edition = {Second},
  year = {2011},
  author = {Randal E. Bryant and David R. O'Hallaron}
}

@BOOK{unixenvironment,
  title = {UNIX环境高级编程},
  publisher = {人民邮电出版社},
  edition = {Second},
  year = {2011},
  author = {W. Richard Stevens and Stephen A. Rago}
}

@BOOK{plantuml,
  title = {PlantUML Language Reference Guide},
  publisher = {The Official Press},
  edition = {Version: 8020},
  year = {2012},
  author = {Open Source}
}

@BOOK{gnupic,
  title = {Making Pictures With GNU PIC},
  publisher = {},
  edition = {First},
  year = {1992},
  author = {Eric S. Raymond}
}

@BOOK{pic,
  title = {PIC - A Graphics Language for Typesetting},
  publisher = {Bell Labs},
  edition = {First},
  year = {1991},
  author = {Brain W. Kernighan}
}

@BOOK{computernetworks,
  title = {计算机网络},
  publisher = {清华大学出版社},
  edition = {第5版},
  year = {2012},
  author = {Andrew S. Tanenbaum David J. Wetherall}
}
